%% This BibTeX bibliography file was created using BibDesk.
%% http://bibdesk.sourceforge.net/


%% Created for Dayvid Victor
%% Saved with string encoding Western (ISO Latin 1) 

@inproceedings{knnrule:1969,
	author = {Patrick, E. A. and II, F. P. Fischer},
	booktitle = {IJCAI},
	interhash = {807ea6455643b453c443096b42aa8868},
	intrahash = {79a1f6857572ce72ec19064289219b13},
	pages = {63-64},
	title = {A Generalization of the k-Nearest Neighbor Rule.},
	url = {http://dblp.uni-trier.de/db/conf/ijcai/ijcai69.html#PatrickF69},
	year = 1969,
	timestamp = {2002-01-03T00:00:00.000+0100},
	keywords = {dblp},
	added-at = {2002-01-03T00:00:00.000+0100},
	description = {dblp},
	biburl = {http://www.bibsonomy.org/bibtex/279a1f6857572ce72ec19064289219b13/dblp},
	date = {2002-01-03}
}

@article{nnpc:1967,
	author = {T.M. Cover, P.E. Hart},
	title = {Nearest Neighbor Pattern Classification},
	journal = {IEEE Transactions on Information Theory},
	year = {1967},
	volume = {IT-13},
	pages = {21 - 27}
}

@article{enn:2011,
	author = {Chang, Ruiqin and Pei, Zheng and Zhang, Chao},
	interhash = {c89437da6329fdf177b07fdc4ed4462a},
	intrahash = {821222083f437cf4110ae83a37edd858},
	journal = {JCP},
	number = 7,
	pages = {1493-1500},
	title = {A Modified Editing k-nearest Neighbor Rule.},
	url = {http://dblp.uni-trier.de/db/journals/jcp/jcp6.html#ChangPZ11},
	volume = 6,
	year = 2011,
	timestamp = {2011-09-01T00:00:00.000+0200},
	keywords = {dblp},
	ee = {http://dx.doi.org/10.4304/jcp.6.7.1493-1500},
	added-at = {2011-09-01T00:00:00.000+0200},
	biburl = {http://www.bibsonomy.org/bibtex/2821222083f437cf4110ae83a37edd858/dblp}
}

@article{cnn:1968,
	author = {Hart, P. E.},
	interhash = {4b2173ab8fd7d4624f178b4cdfc5be01},
	intrahash = {2e3313167dea3ffb65f265f4bdfe2997},
	journal = {IEEE Transactions on Information Theory},
	pages = {515--516},
	title = {The condensed nearest neighbor rule},
	volume = 14,
	year = 1968,
	timestamp = {2010-04-12T16:18:45.000+0200},
	keywords = {bibtex-import},
	added-at = {2010-04-12T16:18:45.000+0200},
	posted-at = {2006-11-06 08:08:07},
	description = {Optical Music Recognition},
	priority = {0},
	biburl = {http://www.bibsonomy.org/bibtex/22e3313167dea3ffb65f265f4bdfe2997/svrist},
	citeulike-article-id = {932010}
}

@article{cnn:1976,
	author = {Tomek, I.},
	interhash = {379fe276cf4a77f8fba21a949b2d72d6},
	intrahash = {523c1d70243d3fe9035269af8f6f5ecd},
	journal = {{IEEE Transactions on Systems, Man, and Cybernetics}},
	pages = {679-772},
	title = {{Two Modifications of CNN}},
	volume = {7(2)},
	year = 1976,
	timestamp = {2007-08-22T12:37:55.000+0200},
	keywords = {imported},
	added-at = {2007-08-22T12:37:55.000+0200},
	description = {AI 2001 Elizabeth McKenna Barry Smyth},
	biburl = {http://www.bibsonomy.org/bibtex/2523c1d70243d3fe9035269af8f6f5ecd/bsmyth}
}

@article{kohonen:lvq,
	author = {Kohonen, Teuvo},
	interhash = {0d705ce6a930560eeb4a0036eff20c35},
	intrahash = {a595908a01d7e8f69e45fe1f6e339432},
	journal = {Neural Networks},
	pages = {3--16},
	title = {Learning Vector Quantization},
	volume = {1, Supplement 1},
	year = 1988,
	timestamp = {2008-02-26T11:58:58.000+0100},
	keywords = {nn},
	added-at = {2008-02-26T11:58:58.000+0100},
	description = {idsia},
	priority = {2},
	biburl = {http://www.bibsonomy.org/bibtex/2a595908a01d7e8f69e45fe1f6e339432/schaul},
	citeulike-article-id = {2377520}
}

@techreport{kohonen:lvqtr,
	author = {Kohonen, Teuvo},
	address = {Helsinki, Finland},
	institution = {Laboratory of Computer and Information Science, Department of Technical Physics, Helsinki University of Technology},
	interhash = {f6c5bb3e18dd842f55f5b7b478c0aa3f},
	intrahash = {09da9a86e289e0cac88467e500ed7667},
	number = {TKK-F-A601},
	title = {Learning Vector Quantization for Pattern Recognition},
	type = {Report},
	year = 1986,
	timestamp = {2008-02-26T11:58:58.000+0100},
	keywords = {nn},
	added-at = {2008-02-26T11:58:58.000+0100},
	description = {idsia},
	priority = {2},
	biburl = {http://www.bibsonomy.org/bibtex/209da9a86e289e0cac88467e500ed7667/schaul},
	citeulike-article-id = {2377521}
}

@inproceedings{csp:sgp,
	author = {de Santana Pereira, Cristiano and Cavalcanti, George D. C.},
	booktitle = {IJCNN},
	interhash = {14dec6e4d35fb78ea9657cdbef6a8c7c},
	intrahash = {22fcf7a449dcf94dbdc85c5f4956464b},
	pages = {3505-3510},
	publisher = {IEEE},
	title = {Prototype selection: Combining self-generating prototypes and Gaussian mixtures for pattern classification.},
	url = {http://dblp.uni-trier.de/db/conf/ijcnn/ijcnn2008.html#PereiraC08},
	year = 2008,
	timestamp = {2009-10-13T00:00:00.000+0200},
	keywords = {dblp},
	ee = {http://dx.doi.org/10.1109/IJCNN.2008.4634298},
	added-at = {2009-10-13T00:00:00.000+0200},
	description = {dblp},
	biburl = {http://www.bibsonomy.org/bibtex/222fcf7a449dcf94dbdc85c5f4956464b/dblp},
	date = {2009-10-13}
}

@article{fayed:sgp,
	author = {Fayed, Hatem A. and Hashem, Sherif and Atiya, Amir F.},
	interhash = {fd50953a71aa0fb38800b36571dc9356},
	intrahash = {1fa1c587902821b171080782f6083448},
	journal = {Pattern Recognition},
	number = 5,
	pages = {1498-1509},
	title = {Self-generating prototypes for pattern classification.},
	url = {http://dblp.uni-trier.de/db/journals/pr/pr40.html#FayedHA07},
	volume = 40,
	year = 2007,
	timestamp = {2007-03-01T00:00:00.000+0100},
	keywords = {dblp},
	ee = {http://dx.doi.org/10.1016/j.patcog.2006.10.018},
	added-at = {2007-03-01T00:00:00.000+0100},
	description = {dblp},
	biburl = {http://www.bibsonomy.org/bibtex/21fa1c587902821b171080782f6083448/dblp},
	date = {2007-03-01}
}

@article{journals/ci/EstabrooksJJ04,
	author = {Estabrooks, Andrew and Jo, Taeho and Japkowicz, Nathalie},
	interhash = {71bf2f8046eebf28a7643c9b1fab7763},
	intrahash = {d517fb3322f0b901a5bf7340b7beb8b5},
	journal = {Computational Intelligence},
	number = 1,
	pages = {18-36},
	title = {A Multiple Resampling Method for Learning from Imbalanced Data Sets.},
	url = {http://dblp.uni-trier.de/db/journals/ci/ci20.html#EstabrooksJJ04},
	volume = 20,
	year = 2004,
	timestamp = {2010-01-19T00:00:00.000+0100},
	keywords = {dblp},
	ee = {http://dx.doi.org/10.1111/j.0824-7935.2004.t01-1-00228.x},
	added-at = {2010-01-19T00:00:00.000+0100},
	description = {dblp},
	biburl = {http://www.bibsonomy.org/bibtex/2d517fb3322f0b901a5bf7340b7beb8b5/dblp},
	date = {2010-01-19}
}

@misc{citeulike:1284148,
	author = {Weiss, G. and Provost, F.},
	interhash = {742ef3628ecd2a8edb2589eedd96751f},
	intrahash = {3b7f3942aece626b4e531f4f6a373550},
	title = {The effect of class distribution on classifier learning},
	url = {http://citeseer.ist.psu.edu/445432.html},
	year = 2001,
	timestamp = {2008-06-17T16:01:02.000+0200},
	keywords = {class, cost-sensitive, distribution, imbalanced, ml, over\_sampling, set, supervised, training, under\_sampling},
	added-at = {2008-06-17T16:01:02.000+0200},
	posted-at = {2008-01-17 18:43:39},
	priority = {3},
	biburl = {http://www.bibsonomy.org/bibtex/23b7f3942aece626b4e531f4f6a373550/pprett},
	citeulike-article-id = {1284148},
	abstract = {In this article we analyze the effect of class distribution on classifier learning. We begin by describing
		the different ways in which class distribution affects learning and how it affects the
		evaluation of learned classifiers. We then present the results of two comprehensive experimental
		studies. The first study compares the performance of classifiers generated from unbalanced data
		sets with the performance of classifiers generated from balanced versions of the same data sets.
		This...}
}

@inproceedings{conf/icml/KubatM97,
	author = {Kubat, Miroslav and Matwin, Stan},
	editor = {Fisher, Douglas H.},
	booktitle = {ICML},
	interhash = {1fee16c392761a5d0ca09c21e0fc12a7},
	intrahash = {3492f135447e792999edd88617a1ef6b},
	pages = {179-186},
	publisher = {Morgan Kaufmann},
	title = {Addressing the Curse of Imbalanced Training Sets: One-Sided Selection.},
	url = {http://dblp.uni-trier.de/db/conf/icml/icml1997.html#KubatM97},
	year = 1997,
	timestamp = {2004-04-29T00:00:00.000+0200},
	keywords = {dblp},
	added-at = {2004-04-29T00:00:00.000+0200},
	description = {dblp},
	isbn = {1-55860-486-3},
	biburl = {http://www.bibsonomy.org/bibtex/23492f135447e792999edd88617a1ef6b/dblp},
	date = {2004-04-29}
}


@inproceedings{conf/icml/HulseKN07,
	author = {Hulse, Jason Van and Khoshgoftaar, Taghi M. and Napolitano, Amri},
	editor = {Ghahramani, Zoubin},
	booktitle = {ICML},
	interhash = {010a77ad005a1373ecd4575969e62dd5},
	intrahash = {fa7ef0c4dc71b9d2973f5c4df89c672d},
	pages = {935-942},
	publisher = {ACM},
	series = {ACM International Conference Proceeding Series},
	title = {Experimental perspectives on learning from imbalanced data.},
	url = {http://dblp.uni-trier.de/db/conf/icml/icml2007.html#HulseKN07},
	volume = 227,
	year = 2007,
	timestamp = {2007-10-22T00:00:00.000+0200},
	keywords = {dblp},
	ee = {http://doi.acm.org/10.1145/1273496.1273614},
	added-at = {2007-10-22T00:00:00.000+0200},
	isbn = {978-1-59593-793-3},
	biburl = {http://www.bibsonomy.org/bibtex/2fa7ef0c4dc71b9d2973f5c4df89c672d/dblp}
}

@webpage{cgm.cs.mcgill.ca.godfried,
	Author = {Sergei Savchenko},
	Date-Added = {?},
	Date-Modified = {26 de abril de 1998},
	Lastchecked = {28 de outubro de 2011},
	Title = {http://cgm.cs.mcgill.ca/~},
	Url = {http://cgm.cs.mcgill.ca/~godfried/teaching/projects.pr.98/sergei/project.html},
	Urldate = {?},
	Bdsk-Url-1 = {americanas.com}
}

@article{FJH2009,
  author    = {Alberto Fern{\'a}ndez and
               Mar\'{\i}a Jos{\'e} del Jes{\'u}s and
               Francisco Herrera},
  title     = {Hierarchical fuzzy rule based classification systems with
               genetic rule selection for imbalanced data-sets},
  journal   = {Int. J. Approx. Reasoning},
  volume    = {50},
  number    = {3},
  year      = {2009},
  pages     = {561-577},
}

@inproceedings{conf/icann/SouzaF09,
  author = {de Souza, Renata M. C. R. and de M. Silva Filho, Telmo},
  editor = {Alippi, Cesare and Polycarpou, Marios M. and Panayiotou, Christos and Ellinas, Georgios},
  booktitle = {ICANN (1)},
  interhash = {a4fc8b1ec119c98756d26bd6d3f876c7},
  intrahash = {03d76f7d4e781611bf7a617137371730},
  pages = {799-806},
  publisher = {Springer},
  series = {Lecture Notes in Computer Science},
  title = {Optimized Learning Vector Quantization Classifier with an Adaptive Euclidean Distance.},
  url = {http://dblp.uni-trier.de/db/conf/icann/icann2009-1.html#SouzaF09},
  volume = 5768,
  year = 2009,
  timestamp = {2009-09-21T00:00:00.000+0200},
  keywords = {dblp},
  ee = {http://dx.doi.org/10.1007/978-3-642-04274-4_82},
  added-at = {2009-09-21T00:00:00.000+0200},
  description = {dblp},
  isbn = {978-3-642-04273-7},
  biburl = {http://www.bibsonomy.org/bibtex/203d76f7d4e781611bf7a617137371730/dblp},
  date = {2009-09-21}
}

@incollection{reference/ml/X10rd,
  editor = {Sammut, Claude and Webb, Geoffrey I.},
  booktitle = {Encyclopedia of Machine Learning},
  interhash = {81064261f7760150f8788740877f1593},
  intrahash = {9e9a0149c53afbb12de25f1811e935ea},
  pages = 795,
  publisher = {Springer},
  title = {Principal Component Analysis.},
  url = {http://dblp.uni-trier.de/db/reference/ml/ml2010.html#X10rd},
  year = 2010,
  timestamp = {2011-11-25T00:00:00.000+0100},
  keywords = {dblp},
  ee = {http://dx.doi.org/10.1007/978-0-387-30164-8_665},
  added-at = {2011-11-25T00:00:00.000+0100},
  isbn = {978-0-387-30768-8},
  biburl = {http://www.bibsonomy.org/bibtex/29e9a0149c53afbb12de25f1811e935ea/dblp}
}


@misc{aulas,
	author = {de Santana Pereira, Cristiano and Cavalcanti, George D. C.},
  	year = 2011,
	url = {https://sites.google.com/site/aprendizagemmaquina/}
}
